
@online{webster_visual_????,
	title = {Visual Studio-{IDE}},
	url = {https://www.visualstudio.com/de/vs/},
	abstract = {Komplett ausgestattete {IDE} für Android, {iOS}, Windows, das Web und die Cloud. Erfahren Sie mehr zur integrierten Entwicklungsumgebung in Visual Studio. Kostenlose Testversion.},
	titleaddon = {Visual Studio},
	author = {Webster, Linda},
	urldate = {2018-04-04},
	langid = {german},
	file = {Snapshot:C\:\\Users\\Danijal\\Zotero\\storage\\DHK47XQT\\vs.html:text/html}
}

@inreference{_c-sharp_2018,
	title = {C-Sharp},
	rights = {Creative Commons Attribution-{ShareAlike} License},
	url = {https://de.wikipedia.org/w/index.php?title=C-Sharp&oldid=174182278},
	abstract = {C\# (englisch c sharp [ˌsiːˈʃɑːp]) ist eine typsichere, objektorientierte Allzweck-Programmiersprache. Architekt der Sprache ist Anders Hejlsberg im Auftrag von Microsoft. Die Sprache ist an sich plattformunabhängig, wurde aber im Rahmen der .{NET}-Strategie entwickelt, ist auf diese optimiert und meist in deren Kontext zu finden. Microsoft bezeichnet seine Implementierung als Visual C\#.
Historisch wurde in C\# fast exklusiv für Microsoft Windows entwickelt. Durch Xamarin ist es inzwischen aber auch möglich, für {macOS}, {iOS} und Android zu entwickeln. Zudem gibt es mit .{NET} Core auch offizielle Unterstützung für {GNU}/Linux und {macOS}.Darüber hinaus gibt es durch .Net Native und {CoreRT} eine Möglichkeit, plattformunabhängigen Maschinencode für alle Plattformen anzubieten, die C++ unterstützen. 
Bis Version 2 war die Sprache bei der {ECMA} und der {ISO} als Standard registriert.
In der Folge erschienen regelmäßig umfangreiche Erweiterungen der Sprache durch Microsoft. Durch die Entwicklung des Referenz-Compilers als Open Source (seit 2014) sind auch Community-Beiträge möglich.},
	booktitle = {Wikipedia},
	urldate = {2018-04-04},
	date = {2018-02-19},
	langid = {german},
	note = {Page Version {ID}: 174182278},
	file = {Snapshot:C\:\\Users\\Danijal\\Zotero\\storage\\Y8WENIP5\\index.html:text/html}
}

@inreference{_model_2018,
	title = {Model View Controller},
	rights = {Creative Commons Attribution-{ShareAlike} License},
	url = {https://de.wikipedia.org/w/index.php?title=Model_View_Controller&oldid=175298831},
	abstract = {Model View Controller ({MVC}, englisch für Modell-Präsentation-Steuerung) ist ein Muster zur Trennung von Software in die drei Komponenten Datenmodell (englisch model), Präsentation (englisch view) und Programmsteuerung (englisch controller). Das Muster kann sowohl als Architekturmuster als auch als Entwurfsmuster eingesetzt werden. Ziel des Musters ist ein flexibler Programmentwurf, der eine spätere Änderung oder Erweiterung erleichtert und eine Wiederverwendbarkeit der einzelnen Komponenten ermöglicht. Es ist dann zum Beispiel möglich, eine Anwendung zu schreiben, die dasselbe Modell nutzt und es dann für Windows, Mac, Linux oder für das Internet zugänglich macht. Die Umsetzungen nutzen dasselbe Modell, nur Controller und View müssen dabei jeweils neu implementiert werden.
Das {MVC}-Konzept wurde 1979 zunächst für Benutzeroberflächen in Smalltalk durch Trygve Reenskaug beschrieben (Seeheim-Modell), der damals an Smalltalk im Xerox {PARC} arbeitete. Es gilt mittlerweile aber als De-facto-Standard für den Grobentwurf vieler komplexer Softwaresysteme, teils mit Differenzierungen und oftmals mehreren jeweils nach dem {MVC}-Muster aufgeteilten Modulen.},
	booktitle = {Wikipedia},
	urldate = {2018-04-04},
	date = {2018-03-23},
	langid = {german},
	note = {Page Version {ID}: 175298831},
	file = {Snapshot:C\:\\Users\\Danijal\\Zotero\\storage\\2SAL6PPK\\index.html:text/html}
}

@online{_model-view-controller_????,
	title = {Das Model-View-Controller Modell},
	url = {http://www.medien.ifi.lmu.de/fileadmin/mimuc/mmi_ws0405/uebung/essays/simon.acker.v2/MVC.htm},
	urldate = {2018-04-04},
	file = {Das Model-View-Controller Modell:C\:\\Users\\Danijal\\Zotero\\storage\\8ZYJ846F\\MVC.html:text/html}
}

@inreference{_hypertext_2018,
	title = {Hypertext Markup Language},
	rights = {Creative Commons Attribution-{ShareAlike} License},
	url = {https://de.wikipedia.org/w/index.php?title=Hypertext_Markup_Language&oldid=174149464},
	abstract = {Die Hypertext Markup Language (englisch für Hypertext-Auszeichnungssprache), abgekürzt {HTML}, ist eine textbasierte Auszeichnungssprache zur Strukturierung digitaler Dokumente wie Texte mit Hyperlinks, Bildern und anderen Inhalten. {HTML}-Dokumente sind die Grundlage des World Wide Web und werden von Webbrowsern dargestellt. Neben den vom Browser angezeigten Inhalten können {HTML}-Dateien zusätzliche Angaben in Form von Metainformationen enthalten, z. B. über die im Text verwendeten Sprachen, den Autor oder den zusammengefassten Inhalt des Textes.
{HTML} wird vom World Wide Web Consortium (W3C) und der Web Hypertext Application Technology Working Group ({WHATWG}) weiterentwickelt. Die aktuelle Version ist seit dem 14. Dezember 2017 {HTML} 5.2, die bereits von vielen aktuellen Webbrowsern und anderen Layout-Engines unterstützt wird. Auch die Extensible Hypertext Markup Language ({XHTML}) wird durch {HTML}5 ersetzt.{HTML} dient als Auszeichnungssprache dazu, einen Text semantisch zu strukturieren, nicht aber zu formatieren. Die visuelle Darstellung ist nicht Teil der {HTML}-Spezifikationen und wird durch den Webbrowser und Gestaltungsvorlagen wie {CSS} bestimmt. Ausnahme sind die als veraltet (englisch deprecated) markierten präsentationsbezogenen Elemente.},
	booktitle = {Wikipedia},
	urldate = {2018-04-04},
	date = {2018-02-18},
	langid = {german},
	note = {Page Version {ID}: 174149464},
	file = {Snapshot:C\:\\Users\\Danijal\\Zotero\\storage\\D7Y3BSIV\\index.html:text/html}
}

@online{_lesson_????,
	title = {Lesson 1: Was ist {CSS}?gertutorial - {HTML}.net},
	url = {http://de.html.net/tutorials/css/lesson1.php},
	urldate = {2018-04-04},
	file = {Lesson 1\: Was ist CSS?gertutorial - HTML.net:C\:\\Users\\Danijal\\Zotero\\storage\\S2ZW6GYQ\\lesson1.html:text/html}
}

@online{_smtp:_????,
	title = {{SMTP}: Was ist das?},
	url = {https://praxistipps.chip.de/smtp-was-ist-das_41780},
	shorttitle = {{SMTP}},
	abstract = {{SMTP} steht für Simple Mail Transfer Protocol. Es ist ein Netzwerkprotokoll für das Versenden von Emails. Was sich genau hinter dem Begriff verbirgt, erklären wir Ihnen in diesem Artikel.},
	urldate = {2018-04-04},
	langid = {german},
	file = {Snapshot:C\:\\Users\\Danijal\\Zotero\\storage\\Z3CZBPS9\\smtp-was-ist-das_41780.html:text/html}
}

@inreference{_base64_2018,
	title = {Base64},
	rights = {Creative Commons Attribution-{ShareAlike} License},
	url = {https://de.wikipedia.org/w/index.php?title=Base64&oldid=174833344},
	abstract = {Base64 ist ein Verfahren zur Kodierung von 8-Bit-Binärdaten (z. B. ausführbare Programme, {ZIP}-Dateien oder Bilder) in eine Zeichenfolge, die nur aus lesbaren, Codepage-unabhängigen {ASCII}-Zeichen besteht. Im Zusammenhang mit {OpenPGP} wird noch eine Prüfsumme ({CRC}-24) angehängt; dieses leicht modifizierte Verfahren trägt den Namen Radix-64.
Es findet im Internet-Standard Multipurpose Internet Mail Extensions ({MIME}) Anwendung und wird dort zum Versenden von E-Mail-Anhängen verwendet. Nötig ist dies, um den problemlosen Transport von beliebigen Binärdaten zu gewährleisten, da {SMTP} in seiner ursprünglichen Fassung nur für den Versand von 7-Bit-{ASCII}-Zeichen ausgelegt war. Durch die Kodierung steigt der Platzbedarf des Datenstroms um 33–36 \% (33 \% durch die Kodierung selbst, bis zu weitere 3 \% durch die im kodierten Datenstrom eingefügten Zeilenumbrüche). Außerdem wird es in der {HTTP}-Basisauthentifizierung zur Kodierung von Benutzernamen und Passwort verwendet.},
	booktitle = {Wikipedia},
	urldate = {2018-04-04},
	date = {2018-03-09},
	langid = {german},
	note = {Page Version {ID}: 174833344},
	file = {Snapshot:C\:\\Users\\Danijal\\Zotero\\storage\\Q26YMZP9\\index.html:text/html}
}