
@misc{center_for_history_and_new_media_schnelleinstieg_nodate,
	title = {Schnelleinstieg},
	url = {http://zotero.org/support/quick_start_guide},
	author = {{Center for History and New Media}}
}

@misc{wikipedia_.net_2017,
	title = {.net},
	copyright = {Creative Commons Attribution-ShareAlike License},
	url = {https://de.wikipedia.org/w/index.php?title=.net&oldid=163867861},
	abstract = {.net ist eine generische Top-Level-Domain. Sie wurde am 1. Januar 1985 erstellt und war zunächst primär für Internet-Service-Provider bestimmt, wird heute aber branchenübergreifend verwendet. Die Abkürzung net steht für den englischen Begriff network, zu Deutsch Netzwerk.},
	language = {de},
	journal = {Wikipedia},
	author = {Wikipedia},
	month = mar,
	year = {2017},
	note = {Page Version ID: 163867861},
	file = {Snapshot:C\:\\Users\\Eva\\AppData\\Roaming\\Zotero\\Zotero\\Profiles\\nn54dn55.default\\zotero\\storage\\GFJEAD9G\\index.html:text/html}
}